%YAML 1.1
%TAG !u! tag:unity3d.com,2011:
--- !u!1 &100000
GameObject:
  m_ObjectHideFlags: 0
  m_PrefabParentObject: {fileID: 0}
  m_PrefabInternal: {fileID: 100100000}
  serializedVersion: 4
  m_Component:
  - 4: {fileID: 400000}
  - 212: {fileID: 21200000}
  - 95: {fileID: 9500000}
  - 61: {fileID: 6100000}
  - 114: {fileID: 11400000}
  - 82: {fileID: 8200000}
  - 50: {fileID: 5000000}
  m_Layer: 9
  m_Name: Valcon_Red
  m_TagString: Valcon
  m_Icon: {fileID: 0}
  m_NavMeshLayer: 0
  m_StaticEditorFlags: 0
  m_IsActive: 1
--- !u!1 &100002
GameObject:
  m_ObjectHideFlags: 0
  m_PrefabParentObject: {fileID: 0}
  m_PrefabInternal: {fileID: 100100000}
  serializedVersion: 4
  m_Component:
  - 4: {fileID: 400002}
  - 212: {fileID: 21200002}
  - 95: {fileID: 9500002}
  m_Layer: 9
  m_Name: break
  m_TagString: Untagged
  m_Icon: {fileID: 0}
  m_NavMeshLayer: 0
  m_StaticEditorFlags: 0
  m_IsActive: 1
--- !u!1 &100004
GameObject:
  m_ObjectHideFlags: 0
  m_PrefabParentObject: {fileID: 0}
  m_PrefabInternal: {fileID: 100100000}
  serializedVersion: 4
  m_Component:
  - 4: {fileID: 400004}
  - 212: {fileID: 21200004}
  - 95: {fileID: 9500004}
  m_Layer: 9
  m_Name: gem
  m_TagString: Untagged
  m_Icon: {fileID: 0}
  m_NavMeshLayer: 0
  m_StaticEditorFlags: 0
  m_IsActive: 1
--- !u!4 &400000
Transform:
  m_ObjectHideFlags: 1
  m_PrefabParentObject: {fileID: 0}
  m_PrefabInternal: {fileID: 100100000}
  m_GameObject: {fileID: 100000}
  m_LocalRotation: {x: 0, y: 0, z: 0, w: 1}
  m_LocalPosition: {x: 8.1105566, y: -1.52868152, z: 2.65459466}
  m_LocalScale: {x: .800000012, y: .800000012, z: .800000012}
  m_Children:
  - {fileID: 400004}
  - {fileID: 400002}
  m_Father: {fileID: 0}
  m_RootOrder: 0
--- !u!4 &400002
Transform:
  m_ObjectHideFlags: 1
  m_PrefabParentObject: {fileID: 0}
  m_PrefabInternal: {fileID: 100100000}
  m_GameObject: {fileID: 100002}
  m_LocalRotation: {x: 0, y: 0, z: 0, w: 1}
  m_LocalPosition: {x: 0, y: 0, z: 0}
  m_LocalScale: {x: 1, y: 1, z: 1}
  m_Children: []
  m_Father: {fileID: 400000}
  m_RootOrder: 1
--- !u!4 &400004
Transform:
  m_ObjectHideFlags: 1
  m_PrefabParentObject: {fileID: 0}
  m_PrefabInternal: {fileID: 100100000}
  m_GameObject: {fileID: 100004}
  m_LocalRotation: {x: 0, y: 0, z: 0, w: 1}
  m_LocalPosition: {x: 0, y: 0, z: 0}
  m_LocalScale: {x: 1, y: 1, z: 1}
  m_Children: []
  m_Father: {fileID: 400000}
  m_RootOrder: 0
--- !u!50 &5000000
Rigidbody2D:
  m_ObjectHideFlags: 1
  m_PrefabParentObject: {fileID: 0}
  m_PrefabInternal: {fileID: 100100000}
  m_GameObject: {fileID: 100000}
  m_Mass: 1
  m_LinearDrag: 0
  m_AngularDrag: .0500000007
  m_GravityScale: 1
  m_FixedAngle: 0
  m_IsKinematic: 1
  m_Interpolate: 0
  m_SleepingMode: 1
  m_CollisionDetection: 0
--- !u!61 &6100000
BoxCollider2D:
  m_ObjectHideFlags: 1
  m_PrefabParentObject: {fileID: 0}
  m_PrefabInternal: {fileID: 100100000}
  m_GameObject: {fileID: 100000}
  m_Enabled: 1
  m_Material: {fileID: 0}
  m_IsTrigger: 0
  m_Size: {x: 2, y: 2}
  m_Center: {x: 0, y: 0}
--- !u!82 &8200000
AudioSource:
  m_ObjectHideFlags: 1
  m_PrefabParentObject: {fileID: 0}
  m_PrefabInternal: {fileID: 100100000}
  m_GameObject: {fileID: 100000}
  m_Enabled: 1
  serializedVersion: 3
  m_audioClip: {fileID: 0}
  m_PlayOnAwake: 1
  m_Volume: 1
  m_Pitch: 1
  Loop: 0
  Mute: 0
  Priority: 128
  DopplerLevel: 1
  MinDistance: 1
  MaxDistance: 500
  Pan2D: 0
  rolloffMode: 0
  BypassEffects: 0
  BypassListenerEffects: 0
  BypassReverbZones: 0
  rolloffCustomCurve:
    serializedVersion: 2
    m_Curve:
    - time: 0
      value: 1
      inSlope: 0
      outSlope: 0
      tangentMode: 0
    - time: 1
      value: 0
      inSlope: 0
      outSlope: 0
      tangentMode: 0
    m_PreInfinity: 2
    m_PostInfinity: 2
  panLevelCustomCurve:
    serializedVersion: 2
    m_Curve:
    - time: 0
      value: 1
      inSlope: 0
      outSlope: 0
      tangentMode: 0
    m_PreInfinity: 2
    m_PostInfinity: 2
  spreadCustomCurve:
    serializedVersion: 2
    m_Curve:
    - time: 0
      value: 0
      inSlope: 0
      outSlope: 0
      tangentMode: 0
    m_PreInfinity: 2
    m_PostInfinity: 2
--- !u!95 &9500000
Animator:
  serializedVersion: 3
  m_ObjectHideFlags: 1
  m_PrefabParentObject: {fileID: 0}
  m_PrefabInternal: {fileID: 100100000}
  m_GameObject: {fileID: 100000}
  m_Enabled: 1
  m_Avatar: {fileID: 0}
  m_Controller: {fileID: 9100000, guid: fbe88464f7f8b71479c4c89cc770c773, type: 2}
  m_CullingMode: 0
  m_UpdateMode: 0
  m_ApplyRootMotion: 0
  m_HasTransformHierarchy: 1
--- !u!95 &9500002
Animator:
  serializedVersion: 3
  m_ObjectHideFlags: 1
  m_PrefabParentObject: {fileID: 0}
  m_PrefabInternal: {fileID: 100100000}
  m_GameObject: {fileID: 100002}
  m_Enabled: 1
  m_Avatar: {fileID: 0}
  m_Controller: {fileID: 9100000, guid: 67fe772ce8d912a4bb5121ecd12ed870, type: 2}
  m_CullingMode: 0
  m_UpdateMode: 0
  m_ApplyRootMotion: 0
  m_HasTransformHierarchy: 1
--- !u!95 &9500004
Animator:
  serializedVersion: 3
  m_ObjectHideFlags: 1
  m_PrefabParentObject: {fileID: 0}
  m_PrefabInternal: {fileID: 100100000}
  m_GameObject: {fileID: 100004}
  m_Enabled: 1
  m_Avatar: {fileID: 0}
  m_Controller: {fileID: 9100000, guid: 67fe772ce8d912a4bb5121ecd12ed870, type: 2}
  m_CullingMode: 0
  m_UpdateMode: 0
  m_ApplyRootMotion: 0
  m_HasTransformHierarchy: 1
--- !u!114 &11400000
MonoBehaviour:
  m_ObjectHideFlags: 1
  m_PrefabParentObject: {fileID: 0}
  m_PrefabInternal: {fileID: 100100000}
  m_GameObject: {fileID: 100000}
  m_Enabled: 1
  m_EditorHideFlags: 0
  m_Script: {fileID: 11500000, guid: dc7f7df4ace36b1408c637b104f48668, type: 3}
  m_Name: 
  m_EditorClassIdentifier: 
  health: 5
  ItemGot: {fileID: 100000, guid: 71bbc50d44537bd419f04585a5f0fcf4, type: 2}
  sound_BrickCrack: {fileID: 100000, guid: 88b2421366ff9cf4db47aad20244b92c, type: 2}
  sound_BrickBreak: {fileID: 100000, guid: 67002b21655157946934d85f3a896736, type: 2}
  sound_BobBreak: {fileID: 100000, guid: 3174aeca5eafcdd41b95b90d60902a2e, type: 2}
  sound_SpidersilkBreak: {fileID: 100000, guid: 1f32984e80ed8824e955eb13ff459de9,
    type: 2}
  sound_Treasure: {fileID: 100000, guid: 1c084893535f91a4692311bf0445f0c4, type: 2}
  sound_SUPER: {fileID: 100000, guid: 0612fc60a7a0ad04c87ef8f159625d96, type: 2}
  sound_Bomb: {fileID: 0}
  sound_ToxicBallBomb: {fileID: 0}
  love: {fileID: 100000, guid: 98b593fed7d771343a5a6eb7b8fa15a1, type: 2}
  hourglass: {fileID: 100000, guid: 4eb6c01159673844e95801ca1a7deb35, type: 2}
  green_none: {fileID: 100000, guid: db4d37092514ae445be611ba450e93e2, type: 2}
  green_BlueGem: {fileID: 100000, guid: 37f6f61c958e74d41b2649fb65a14fed, type: 2}
  green_GreenGem: {fileID: 100000, guid: a38f73562f0e9e14f980e79f3f835dda, type: 2}
  green_RedGem: {fileID: 100000, guid: 8f844e39c4f56144ab0653ceb19ede9d, type: 2}
  green_SilverGem: {fileID: 100000, guid: 9b6fa3c4a1f5a544eb663e0b7cf91f36, type: 2}
  green_GoldGem: {fileID: 100000, guid: 986311b68eeb28b45bf9dcff389c7144, type: 2}
  green_Bell: {fileID: 100000, guid: 162d82cb04d130a46af213ab5b0a4977, type: 2}
  shiny: {fileID: 100000, guid: 8efff2fcd8e507a478a98b37477b9abc, type: 2}
  smoke1: {fileID: 100000, guid: a142c9325b9377a41aa53e5c3369a746, type: 2}
  smoke2: {fileID: 100000, guid: 9310c86cad14f9b4ba44312ba43ff071, type: 2}
  smoke3: {fileID: 0}
  explose: {fileID: 100000, guid: 7973336eae82ecf4a9c144e132035ba5, type: 2}
  bigbumb: {fileID: 0}
  PoisonBomb: {fileID: 0}
  laser: {fileID: 100000, guid: 751f8ba6df8b455409a473a89ed2f47e, type: 2}
  laserCross: {fileID: 100000, guid: 23782aebd4bfde04594586abcc2cedf0, type: 2}
  bumbRange: {fileID: 100000, guid: 5f62e5a2568991c438b60f424b9d6f1d, type: 2}
  bumbRangeEx: {fileID: 100000, guid: 713c6997d25bea643822fd6c7bcf65ac, type: 2}
  explosiveRange: {fileID: 100000, guid: 7a6ddd8b46c783d4ab6f808f6f44682a, type: 2}
  iceRange1: {fileID: 100000, guid: 74e01528713b8e04d95bf7faf9c6d92c, type: 2}
  iceRange2: {fileID: 100000, guid: 69b450c3d820a7640abe12683a2f2804, type: 2}
  toxicRange: {fileID: 100000, guid: 414b7c16deac97f4f9e3dd401fe610c3, type: 2}
  powerRange: {fileID: 100000, guid: 78fb208514d1a2e47ac92404028ece2b, type: 2}
  blueGem: {fileID: 100000, guid: 1c63f8ffb324d17419466f4a3e714fd3, type: 2}
  greenGem: {fileID: 100000, guid: b4f1212ad511c5d418741e9a94b00413, type: 2}
  redGem: {fileID: 100000, guid: 5b8f57df563114c44a1b1ade491e814f, type: 2}
  silverGem: {fileID: 100000, guid: f8baebfe5e2bd80408a7f41ff81a480f, type: 2}
  goldGem: {fileID: 100000, guid: 87bbe6c8c2d47144e9b8b7523eb8cd55, type: 2}
  dragonOb: {fileID: 100000, guid: bb90e4268e7ca3b458b47479a4ee982d, type: 2}
  dragonPlayer: {fileID: 100000, guid: 1d146e0c88cc6b64db122dcc7eee04e0, type: 2}
  dragonScript: {fileID: 0}
  levelScript: {fileID: 0}
  scoreScript: {fileID: 0}
  playerScript: {fileID: 0}
  eventScript: {fileID: 0}
  got: 0
  gotItem: 0
  anim: {fileID: 0}
  anim_child_gem: {fileID: 0}
  anim_child_break: {fileID: 0}
  anim_child_cover: {fileID: 0}
  child_gem: {fileID: 0}
  child_break: {fileID: 0}
  child_cover: {fileID: 0}
  soundBox: {fileID: 0}
  prefabsStand: {fileID: 0}
  isUpdateIce: 0
  myselfTransform: {x: 0, y: 0, z: 0}
  iceRangle1: 0
  iceRangle2: 0
  crackEffect: 0
  addExplose: 0
  chageGreen: 0
--- !u!212 &21200000
SpriteRenderer:
  m_ObjectHideFlags: 1
  m_PrefabParentObject: {fileID: 0}
  m_PrefabInternal: {fileID: 100100000}
  m_GameObject: {fileID: 100000}
  m_Enabled: 1
  m_CastShadows: 0
  m_ReceiveShadows: 0
  m_LightmapIndex: 255
  m_LightmapTilingOffset: {x: 1, y: 1, z: 0, w: 0}
  m_Materials:
  - {fileID: 10754, guid: 0000000000000000e000000000000000, type: 0}
  m_SubsetIndices: 
  m_StaticBatchRoot: {fileID: 0}
  m_UseLightProbes: 0
  m_LightProbeAnchor: {fileID: 0}
  m_ScaleInLightmap: 1
  m_SortingLayerID: 0
  m_SortingOrder: 1
  m_Sprite: {fileID: 21300000, guid: 9b7b55774009051408244aafb855fbac, type: 3}
  m_Color: {r: 1, g: 1, b: 1, a: 1}
--- !u!212 &21200002
SpriteRenderer:
  m_ObjectHideFlags: 1
  m_PrefabParentObject: {fileID: 0}
  m_PrefabInternal: {fileID: 100100000}
  m_GameObject: {fileID: 100002}
  m_Enabled: 1
  m_CastShadows: 0
  m_ReceiveShadows: 0
  m_LightmapIndex: 255
  m_LightmapTilingOffset: {x: 1, y: 1, z: 0, w: 0}
  m_Materials:
  - {fileID: 10754, guid: 0000000000000000e000000000000000, type: 0}
  m_SubsetIndices: 
  m_StaticBatchRoot: {fileID: 0}
  m_UseLightProbes: 0
  m_LightProbeAnchor: {fileID: 0}
  m_ScaleInLightmap: 1
  m_SortingLayerID: 0
  m_SortingOrder: 2
  m_Sprite: {fileID: 0}
  m_Color: {r: 1, g: 1, b: 1, a: 1}
--- !u!212 &21200004
SpriteRenderer:
  m_ObjectHideFlags: 1
  m_PrefabParentObject: {fileID: 0}
  m_PrefabInternal: {fileID: 100100000}
  m_GameObject: {fileID: 100004}
  m_Enabled: 1
  m_CastShadows: 0
  m_ReceiveShadows: 0
  m_LightmapIndex: 255
  m_LightmapTilingOffset: {x: 1, y: 1, z: 0, w: 0}
  m_Materials:
  - {fileID: 10754, guid: 0000000000000000e000000000000000, type: 0}
  m_SubsetIndices: 
  m_StaticBatchRoot: {fileID: 0}
  m_UseLightProbes: 0
  m_LightProbeAnchor: {fileID: 0}
  m_ScaleInLightmap: 1
  m_SortingLayerID: 0
  m_SortingOrder: 3
  m_Sprite: {fileID: 21300000, guid: ab8b279a70bba514ba7407665d405267, type: 3}
  m_Color: {r: 1, g: 1, b: 1, a: 1}
--- !u!1001 &100100000
Prefab:
  m_ObjectHideFlags: 1
  serializedVersion: 2
  m_Modification:
    m_TransformParent: {fileID: 0}
    m_Modifications: []
    m_RemovedComponents: []
  m_ParentPrefab: {fileID: 0}
  m_RootGameObject: {fileID: 100000}
  m_IsPrefabParent: 1
  m_IsExploded: 1
